@misc{tonejs-instruments,
  author = "Nicholaus P. Brosowsky",
  title = "tonejs-instruments",
  institution = "Graduate Center of the City University of New York",
  year = "2018",
  publisher = "GitHub",
  journal = "GitHub repository",
  url = "https://github.com/nbrosowsky/tonejs-instruments",
  version = "master"
}
